<record><leader>00000cas a22000007a 4500</leader><controlfield tag="001">4948975</controlfield><controlfield tag="008">790510c19uu9999pauwr ne      0   a0eng d</controlfield><datafield ind1=" " ind2=" " tag="010"><subfield code="a">sn 79002795 </subfield></datafield><datafield ind1=" " ind2=" " tag="040"><subfield code="a">NSD</subfield><subfield code="b">eng</subfield><subfield code="c">NSD</subfield><subfield code="d">NPH</subfield><subfield code="d">NSD</subfield><subfield code="d">NPH</subfield><subfield code="d">OCLCQ</subfield></datafield><datafield ind1=" " ind2=" " tag="012"><subfield code="k">1</subfield><subfield code="m">c</subfield></datafield><datafield ind1="1" ind2=" " tag="022"><subfield code="a">0191-8168</subfield><subfield code="l">0191-8168</subfield><subfield code="2">1</subfield></datafield><datafield ind1=" " ind2=" " tag="032"><subfield code="a">109190</subfield><subfield code="b">USPS</subfield></datafield><datafield ind1=" " ind2=" " tag="042"><subfield code="a">nsdp</subfield></datafield><datafield ind1=" " ind2="0" tag="222"><subfield code="a">West Shore shopper</subfield></datafield><datafield ind1="0" ind2="0" tag="245"><subfield code="a">West Shore shopper.</subfield></datafield><datafield ind1=" " ind2=" " tag="260"><subfield code="a">Camp Hill, Pa. :</subfield><subfield code="b">West Shore Shopper, Inc.</subfield></datafield><datafield ind1=" " ind2=" " tag="300"><subfield code="a">v. :</subfield><subfield code="b">ill. ;</subfield><subfield code="c">43 cm.</subfield></datafield><datafield ind1=" " ind2=" " tag="310"><subfield code="a">Weekly</subfield></datafield><datafield ind1=" " ind2=" " tag="500"><subfield code="a">Publisher: Engle Pub. Co., &lt;1988-&gt;.</subfield></datafield><datafield ind1=" " ind2=" " tag="588"><subfield code="a">Description based on: Vol. 26, no. 27 (Feb. 13, 1980).</subfield></datafield><datafield ind1=" " ind2=" " tag="752"><subfield code="a">United States</subfield><subfield code="b">Pennsylvania</subfield><subfield code="c">Cumberland</subfield><subfield code="d">Camp Hill.</subfield></datafield><datafield ind1="0" ind2=" " tag="775"><subfield code="t">Middletown shopper</subfield><subfield code="w">(DLC)sn 90069033</subfield></datafield><datafield ind1="0" ind2=" " tag="775"><subfield code="t">Carlisle shopper</subfield><subfield code="w">(DLC)sn 90069032</subfield></datafield><datafield ind1="0" ind2=" " tag="775"><subfield code="t">East Shore shopper</subfield><subfield code="w">(DLC)sn 90069031</subfield></datafield></record>